<record><leader>00000cas a22000007a 4500</leader><controlfield tag="001">16317409</controlfield><controlfield tag="008">870730d19161925njudn ne      0    0eng d</controlfield><datafield ind1=" " ind2=" " tag="010"><subfield code="a">sn 87078253 </subfield></datafield><datafield ind1=" " ind2=" " tag="040"><subfield code="a">NPH</subfield><subfield code="b">eng</subfield><subfield code="c">NPH</subfield><subfield code="d">MFN</subfield><subfield code="d">OCLCQ</subfield></datafield><datafield ind1=" " ind2=" " tag="042"><subfield code="a">msc</subfield></datafield><datafield ind1="0" ind2="0" tag="245"><subfield code="a">Atlantic City gazette-review.</subfield></datafield><datafield ind1=" " ind2=" " tag="260"><subfield code="a">Atlantic City, N.J. :</subfield><subfield code="b">[s.n.]</subfield></datafield><datafield ind1=" " ind2=" " tag="300"><subfield code="a">v.</subfield></datafield><datafield ind1=" " ind2=" " tag="310"><subfield code="a">Daily (except Sun.)</subfield></datafield><datafield ind1="1" ind2=" " tag="362"><subfield code="a">Began with May 15, 1916 issue; ceased with May 16, 1925 issue?</subfield></datafield><datafield ind1=" " ind2=" " tag="588"><subfield code="a">Description based on: Vol. 46, no. 208 (June 5, 1918).</subfield></datafield><datafield ind1=" " ind2=" " tag="752"><subfield code="a">United States</subfield><subfield code="b">New Jersey</subfield><subfield code="c">Atlantic</subfield><subfield code="d">Atlantic City.</subfield></datafield><datafield ind1="0" ind2="0" tag="780"><subfield code="t">Atlantic City review</subfield><subfield code="w">(DLC)sn 87068016</subfield></datafield><datafield ind1="0" ind2="7" tag="785"><subfield code="t">Atlantic City daily press (Atlantic City, N.J. : 1895)</subfield><subfield code="w">(DLC)sn 85035940</subfield></datafield><datafield ind1="0" ind2="7" tag="785"><subfield code="t">Atlantic City daily press Atlantic City gazette-review</subfield></datafield></record>